<?xml version="1.0" encoding="UTF-8"?><collection xmlns="http://www.loc.gov/MARC21/slim"><record><leader>00378nam--2200133-i-4500</leader><controlfield tag="001">000042662</controlfield><controlfield tag="002">20161230</controlfield><controlfield tag="005">20161230201043</controlfield><controlfield tag="008">060222s1000------------r-----000-0-eng-d</controlfield><datafield ind1=" " ind2=" " tag="080"><subfield code="a">614.8:34(498)</subfield></datafield><datafield ind1=" " ind2=" " tag="100"><subfield code="a">Stanciu, Serban-viorel</subfield></datafield><datafield ind1=" " ind2=" " tag="245"><subfield code="a">Accidentele de munca si bolile profesionale in legislatia r.s.romania</subfield></datafield><datafield ind1=" " ind2=" " tag="260"><subfield code="a">Bucuresti, Ed.Acad.Rsr, 1977. 208 P</subfield></datafield><datafield ind1=" " ind2=" " tag="852"><subfield code="a">44381</subfield></datafield></record></collection>